@software{simvimx,
  author = {{Roman Sychev}},
  title = {SimVimX},
  url = {https://simvim.com/},
  urldate = {2023-05-15},
}
@software{mobiflight,
  title = {MobiFlight},
  url = {https://www.mobiflight.com/},
  urldate = {2023-05-15},
}
@software{msfs,
  title = {Microsoft Flight Simulator},
  author = {Microsoft},
  url = {https://www.flightsimulator.com/},
  urldate = {2023-05-15},
}
@software{xplane,
  title = {X-Plane},
  author = {Laminar Research},
  url = {https://www.x-plane.com/},
  urldate = {2023-05-15},
}
@software{prepar3d,
  title = {Prepar3D},
  author = {Lockheed Martin},
  url = {https://www.prepar3d.com/},
  urldate = {2023-05-15},
}
@software{fsuipc,
  title = {Flight Simulator Universal Inter-Process Communication (FSUIPC)},
  author = {Peter Dowson and John Dowson},
  url = {http://www.fsuipc.com/},
  urldate = {2023-05-15},
}
@software{xpuipc,
  title = {X-Plane Universal Inter-Process Communication (XPUIPC)},
  author = {Torsten Spiering},
  url = {https://www.schiratti.com/xpuipc.html},
  urldate = {2023-05-15},
}
@software{xc,
  title = {XConnect},
  author = {Mat Sutcliffe},
  url = {https://xplaneconnect.sourceforge.net/},
  urldate = {2023-05-15},
}
@software{xpc,
  title = {X-Plane Connect},
  author = {NASA},
  url = {https://github.com/nasa/XPlaneConnect},
  urldate = {2023-05-15},
}
@software{matlab,
  title = {MATLAB},
  author = {MathWorks},
  url = {https://mathworks.com/},
  urldate = {2023-05-15},
}
@software{simulink,
  title = {Simulink},
  author = {MathWorks},
  url = {https://mathworks.com/products/simulink.html},
  urldate = {2023-05-15},
}
@software{simconnect,
  title = {SimConnect},
  author = {Microsoft},
  url = {https://docs.flightsimulator.com/html/Programming_Tools/SimConnect/SimConnect_SDK.htm},
  urldate = {2023-05-15},
}
@misc{saitek,
	title = {Hardware Review: Saitek Pro Flight Cessna controls},
	author = {FlightGear Wiki},
	url = {https://wiki.flightgear.org/Hardware_Review:_Saitek_Pro_Flight_Cessna_controls},
	urldate = {2023-05-16}
}
@manual{manual9,
	author = {Laminar Research},
	title = {X-Plane Operation Manual},
	version = {9.61},
	url = {https://www.x-plane.com/files/manuals/X-Plane_Desktop_manual.pdf},
	urldate = {2023-05-16}
}
@misc{licencias,
	author = {X-Plane Support},
	title = {Do I need to purchase another copy of X-Plane 11 for WED?},
	url = {https://questions.x-plane.com/10417/do-i-need-to-purchase-another-copy-of-x-plane-11-for-wed},
	urldate = {2023-05-16}
}
@misc{i7-3770k,
	author = {Intel},
	title = {Especificaciones Intel Core i7-3770K},
	url = {https://ark.intel.com/content/www/es/es/ark/products/65523/intel-core-i73770k-processor-8m-cache-up-to-3-90-ghz.html},
	urldate = {2023-05-16}
}
@misc{psumanual,
	author = {{Overclockers Club}},
	title = {How To Turn On An ATX Power Supply Without A Motherboard},
	url = {https://www.overclockersclub.com/guides/atx_psu_startup/},
	urldate = {2023-05-17}
}
@misc{windows,
	author = {Microsoft},
	title = {Descarga Windows 10},
	url = {https://www.microsoft.com/es-mx/software-download/windows10},
	urldate = {2023-05-17}
}
@software{wincdemu,
	author = {Sysprogs},
	title = {WinCDEmu},
	url = {https://wincdemu.sysprogs.org/},
	urldate = {2023-05-17}
}
@software{imgburn,
	author = {{Digital Digest}},
	title = {ImgBurn},
	url = {https://www.imgburn.com/},
	urldate = {2023-05-17}
}